%  priklad uvadzania literatury pre FEIstyle.bst
%  naformatovane vstupy: book

@article{mceliece1978public,
	title={A public-key cryptosystem based on algebraic coding theory},
	author={McEliece, Robert J},
	journal={DSN progress report},
	volume={42},
	number={44},
	pages={114--116},
	year={1978}
}